@book{boyd2003nonlinear,
title={Nonlinear optics},
author={Boyd, R.W.},
year={2003},
publisher={Academic Pr}
}
